@online{rover-sensors,
	author = {given-i=M., given=Mars.Nasa.Gov},
	date = {2021-04-02},
	language = {english},
	title = {Sensors Collect Crucial Data on Mars Landings With Arrival of Perseverance},
	url = {https://mars.nasa.gov/news/8903/sensors-collect-crucial-data-on-mars-landings-with-arrival-of-perseverance/},
}