@article{schmidt2009distilling,
  title     = {Distilling free-form natural laws from experimental data},
  author    = {Schmidt, Michael and Lipson, Hod},
  journal   = {science},
  volume    = {324},
  number    = {5923},
  pages     = {81--85},
  year      = {2009},
  publisher = {American Association for the Advancement of Science}
}
